
%Inspiration biologique
@article{primate_cortex_91,
title={Distributed Hierarchical Processing
in the Primate Cerebral Cortex},
author={Daniel J. Felleman and David C. Van Essen},
year = {1991},
booktitle={Cerebral Cortex}
}

@article{mountcastle_columnar_1997,
	title = {The columnar organization of the neocortex},
	volume = {120},
	issn = {14602156},
	url = {https://academic.oup.com/brain/article-lookup/doi/10.1093/brain/120.4.701},
	doi = {10.1093/brain/120.4.701},
	language = {en},
	number = {4},
	urldate = {2021-07-21},
	journal = {Brain},
	author = {Mountcastle, V.},
	month = apr,
	year = {1997},
	pages = {701--722},
	file = {Mountcastle - 1997 - The columnar organization of the neocortex.pdf:/home/noemie/Zotero/storage/YDSLD6ME/Mountcastle - 1997 - The columnar organization of the neocortex.pdf:application/pdf},
}

@InCollection{binzegger05,
   author =      {Tom Binzegger and Rodney J. Douglas and Kevan A. C.
Martin},
   title =      {Cortical Architecture},
   booktitle =      {Brain, Vision, and Artifical Intelligence},
   publisher = {Springer-Verlag},
   year =      {2005},
   editor =      {M. {De Gregorio} and V. {Di Maio} and M. Frucci and C.
Musio}
}

@article{Meunier2010ModularAH,
  title={Modular and Hierarchically Modular Organization of Brain Networks},
  author={D. Meunier and R. Lambiotte and E. Bullmore},
  journal={Frontiers in Neuroscience},
  year={2010},
  volume={4}
}
% Aspect computationel 

@article{towards_novel_2001,
title={Towards Novel Neuroscience-Inspired
Computing},
author={Stefan Wermter and Jim Austin and David Willshaw and Mark Elshaw},
year = {2001},
booktitle={Emergent Neural Computational Architectures, LNAI}
}


@article{brooks_sumsumption_85,
  title={A robust layered control system for a mobile robot},
  author={Rodney A. Brooks},
  journal={IEEE J. Robotics Autom.},
  year={1986},
  volume={2},
  pages={14-23}
}

@article{Siebert2020RoleOM,
  title={Role of modularity in self-organization dynamics in biological networks.},
  author={Bram A. Siebert and C. Hall and J. Gleeson and Malbor Asllani},
  journal={Physical review. E},
  year={2020},
  volume={102 5-1},
  pages={
          052306
        }
}

@inproceedings{Bryson2001ModularityAS,
  title={Modularity and Specialized Learning: Mapping between Agent Architectures and Brain Organization},
  author={J. Bryson and L. Stein},
  booktitle={Emergent Neural Computational Architectures Based on Neuroscience},
  year={2001}
}

%Exemples d'architectures modulaires 
@inproceedings{lefort_active_2015,
	title = {Active learning of local predictable representations with artificial curiosity},
	booktitle = {2015 {Joint} {IEEE} {International} {Conference} on {Development} and {Learning} and {Epigenetic} {Robotics} ({ICDL}-{EpiRob})},
	author = {Lefort, M. and Gepperth, A.},
	year = {2015}
}


@inproceedings{johnsson_associative_2009,
	title = {Associative Self-Organizing Map},
	author = {M. Johnsson and C. Balkenius and G. Hesslow},
	year = {2009},
	booktitle = {Proc. IJCCI}
	}
	
@article{LampinenClusteringPO,
  title={Clustering properties of hierarchical self-organizing maps},
  author={J. Lampinen and E. Oja},
  journal={Journal of Mathematical Imaging and Vision},
  year={1992}
}

@article{Liu2015DeepSM,
  title={Deep Self-Organizing Map for visual classification},
  author={N. Liu and Jinjun Wang and Yihong Gong},
  journal={2015 International Joint Conference on Neural Networks (IJCNN)},
  year={2015}
}

@ARTICLE{parisiLL,
	  
	AUTHOR={Parisi, German I. and Tani, Jun and Weber, Cornelius and Wermter, Stefan},   
		 
	TITLE={Lifelong Learning of Spatiotemporal Representations With Dual-Memory Recurrent Self-Organization},      
		
	JOURNAL={Frontiers in Neurorobotics}, 
		
	YEAR={2018}
	}
	
@inproceedings{baheux_towards_2014,
  TITLE = {{Towards an effective multi-map self organizing recurrent neural network}},
  AUTHOR = {D. Baheux and J. Fix and H. Frezza-Buet},
  BOOKTITLE = {Proc. ESANN},
  YEAR = {2014},
}



@article{menard_model_2005,
	title = {Model of multi-modal cortical processing: {Coherent} learning in self-organizing modules},
	journal = {Neural Networks},
	author = {O. Ménard  and H. Frezza-Buet},
	year = {2005}
}

@article{khouzam,
  TITLE = {{Distributed recurrent self-organization for tracking the state of non-stationary partially observable dynamical systems}},
  AUTHOR = {B. Khouzam and H.Frezza-Buet},
  JOURNAL = {{Biologically Inspired Cognitive Architectures}},
  YEAR = {2013}
  }
  
% Du coté du deep learning ? 

@article{Andreas2016NeuralMN,
  title={Neural Module Networks},
  author={Jacob Andreas and Marcus Rohrbach and Trevor Darrell and D. Klein},
  journal={2016 IEEE Conference on Computer Vision and Pattern Recognition (CVPR)},
  year={2016},
  pages={39-48}
}

@inproceedings{Kirsch2018ModularNL,
  title={Modular Networks: Learning to Decompose Neural Computation},
  author={Louis Kirsch and Julius Kunze and D. Barber},
  booktitle={NeurIPS},
  year={2018}
}

@article{Watanabe2018ModularRO,
  title={Modular representation of layered neural networks},
  author={C. Watanabe and Kaoru Hiramatsu and K. Kashino},
  journal={Neural networks : the official journal of the International Neural Network Society},
  year={2018},
  volume={97},
  pages={
          62-73
        }
}

@article{Csordas2021AreNN,
  title={Are Neural Nets Modular? Inspecting Functional Modularity Through Differentiable Weight Masks},
  author={R'obert Csord'as and Sjoerd van Steenkiste and J. Schmidhuber},
  journal={ArXiv},
  year={2021},
  volume={abs/2010.02066}
}

@article{Hilgetag2015IsTB,
  title={Is the brain really a small-world network?},
  author={Claus C. Hilgetag and Alexandros Goulas},
  journal={Brain Structure \& Function},
  year={2015},
  volume={221},
  pages={2361 - 2366}
}