@incollection{gonnier2020,
  TITLE = {{Consensus Driven Self-Organization: Towards Non Hierarchical Multi-Map Architectures}},
  AUTHOR = {Gonnier, No{\'e}mie and Boniface, Yann and Frezza-Buet, Herv{\'e}},
  BOOKTITLE = {{Communications in Computer and Information Science, Neural Information Processing, ICONIP 2020}},
  PAGES = {526-534},
  YEAR = {2020},
  MONTH = Nov,
  DOI = {10.1007/978-3-030-63823-8\_60},
  KEYWORDS = {Neural Network Models ; Self-Organizing Maps ; Multi-Modal Architecture},
  HAL_ID = {hal-03030518},
  HAL_VERSION = {v1},
}
