@inproceedings{Belghazi2018MutualIN,
  title={Mutual Information Neural Estimation},
  author={Mohamed Ishmael Belghazi and Aristide Baratin and Sai Rajeswar and Sherjil Ozair and Yoshua Bengio and R. Devon Hjelm and Aaron C. Courville},
  booktitle={ICML},
  year={2018}
}

@article{Bengio2013RepresentationLA,
  title={Representation Learning: A Review and New Perspectives},
  author={Yoshua Bengio and Aaron C. Courville and Pascal Vincent},
  journal={IEEE Transactions on Pattern Analysis and Machine Intelligence},
  year={2013},
  volume={35},
  pages={1798-1828}
}

@article{Gunning2019XAIExplainableAI,
  title={XAIâ€”Explainable artificial intelligence},
  author={David Gunning and Mark Stefik and Jaesik Choi and Timothy Miller and Simone Stumpf and Guang-Zhong Yang},
  journal={Science Robotics},
  year={2019},
  volume={4}
}
