@article{parisi17,
title = {Emergence of multimodal action representations from neural network self-organization},
journal = {Cognitive Systems Research},
volume = "43",
pages = {208--221},
year = "2017",
author = {German I. Parisi and Jun Tani and Cornelius Weber and Stefan Wermter}
}

@Article{electronics9101605,
AUTHOR = {Khacef, Lyes and Rodriguez, Laurent and Miramond, Benoît},
TITLE = {Brain-Inspired Self-Organization with Cellular Neuromorphic Computing for Multimodal Unsupervised Learning},
JOURNAL = {Electronics},
VOLUME = {9},
YEAR = {2020},
NUMBER = {10},
ARTICLE-NUMBER = {1605},
URL = {https://www.mdpi.com/2079-9292/9/10/1605},
ISSN = {2079-9292},
DOI = {10.3390/electronics9101605}
}

@inproceedings{koikkalainen_self-organizing_1990,
	title = {Self-organizing hierarchical feature maps},
	doi = {10.1109/IJCNN.1990.137727},
	booktitle = {1990 {IJCNN} {International} {Joint} {Conference} on {Neural} {Networks}},
	author = {Koikkalainen, P. and Oja, E.},
	month = jun,
	year = {1990},
	pages = {279--284 vol.2}
}

@article{lampinen_clustering_1992,
	title = {Clustering {Properties} of {Hierarchical} {Self}-{Organizing} {Maps}},
	language = {en},
	author = {Lampinen, Jouko and Oja, Erkki},
	pages = {15},
	year = {1992},
	journal = {Journal of Mathematical Imaging and Vision}
}

@inproceedings{Forrest1990EmergentCS,
  title={Emergent computation: self-organizing, collective, and cooperative phenomena in natural and artificial computing networks},
  author={Stephanie Forrest},
  year={1990}
}

@inproceedings{Bonabeau1999SwarmI,
  title={Swarm Intelligence - From Natural to Artificial Systems},
  author={Eric Bonabeau and Marco Dorigo and Guy Theraulaz},
  booktitle={Studies in the sciences of complexity},
  year={1999}
}

@Article{Kohonen1982,
author={Kohonen, Teuvo},
title={Self-organized formation of topologically correct feature maps},
journal={Biological Cybernetics},
year={1982},
volume={43},
number={1},
pages={59--69},
}

@article{dominey13,
author = {Lallee, Stephane and Dominey, Peter},
year = {2013},
pages = {274--285},
title = {Multi-modal convergence maps: From body schema and self-representation to mental imagery},
volume = {21},
number = {4},
journal = {Adaptive Behavior},
}

@inproceedings{ASOM,
  author       = {Johnsson, Magnus and Balkenius, Christian and Hesslow, Germund},
  booktitle    = {Proc. IJCCI'09},
  pages        = {363--370},
  title        = {Associative Self-Organizing Map},
  year         = {2009}
}

@ARTICLE{SOIMA,
  
AUTHOR={Escobar-Juárez, Esau and Schillaci, Guido and Hermosillo-Valadez, Jorge and Lara-Guzmán, Bruno},   
	 
TITLE={A Self-Organized Internal Models Architecture for Coding Sensory–Motor Schemes},      
	
JOURNAL={Frontiers in Robotics and AI},      
	
VOLUME={3},      
	
YEAR={2016},      
	  
URL={https://www.frontiersin.org/article/10.3389/frobt.2016.00022},       
	
DOI={10.3389/frobt.2016.00022},      
	
ISSN={2296-9144},   

}


@article{varsta_temporal_2001,
	title = {Temporal {Kohonen} {Map} and the {Recurrent} {Self}-{Organizing} {Map}: {Analytical} and {Experimental} {Comparison}},
	language = {en},
	author = {Varsta, Markus and Heikkonen, Jukka and Lampinen, Jouko},
	pages = {15},
	journal = {neural processing letters},
	year = {2001}
}


@inproceedings{hammer_self-organizing_2005,
	title = {Self-{Organizing} {Maps} for {Time} {Series}},
	language = {en},
	author = {Hammer, Barbara and Micheli, Alessio and Neubauer, Nicolas and Sperduti, Alessandro and Strickert, Marc},
	year = {2005},
	pages = {8},
	booktitle = {Proc. WSOM'2005}
}

@incollection{fix20,
  TITLE = {{Look and Feel What and How Recurrent Self-Organizing Maps Learn}},
  AUTHOR = {Fix, J{\'e}r{\'e}my and Frezza-Buet, Herv{\'e}},
  BOOKTITLE = {Proc. WSOM'19},
  VOLUME = {976},
  PAGES = {3--12},
  YEAR = {2020}
}

@article{hammer_recursive_2004,
	title = {Recursive self-organizing network models},
	volume = {17},
	issn = {08936080},
	url = {http://linkinghub.elsevier.com/retrieve/pii/S0893608004001510},
	doi = {10.1016/j.neunet.2004.06.009},
	language = {en},
	number = {8-9},
	urldate = {2018-11-07},
	journal = {Neural Networks},
	author = {Hammer, Barbara and Micheli, Alessio and Sperduti, Alessandro and Strickert, Marc},
	month = oct,
	year = {2004},
	pages = {1061--1085}
}

@incollection{KOHONEN19911357,
title = {THE HYPERMAP ARCHITECTURE},
editor = {Teuvo KOHONEN and Kai MÄKISARA and Olli SIMULA and Jari KANGAS},
booktitle = {Artificial Neural Networks},
publisher = {North-Holland},
address = {Amsterdam},
pages = {1357-1360},
year = {1991},
isbn = {978-0-444-89178-5},
doi = {https://doi.org/10.1016/B978-0-444-89178-5.50088-9},author = {Teuvo Kohonen}
}

@article{Chappell1993TheTK,
  title={The temporal Koh{\"o}nen map},
  author={Geoffrey J. Chappell and John G. Taylor},
  journal={Neural Networks},
  year={1993},
  volume={6},
  pages={441-445}
}

@article{Voegtlin2002RecursiveSM,
  title={Recursive self-organizing maps},
  author={Thomas Voegtlin},
  journal={Neural networks : the official journal of the International Neural Network Society},
  year={2002},
  volume={15 8-9},
  pages={979-91 }
}

@article{Strickert2005MergeSF,
  title={Merge SOM for temporal data},
  author={Marc Strickert and Barbara Hammer},
  journal={Neurocomputing},
  year={2005},
  volume={64},
  pages={39-71}
}

@article{menard05,
  TITLE = {{Model of multi-modal cortical processing: Coherent learning in self-organizing modules}},
  AUTHOR = {M{\'e}nard, Olivier and Frezza-Buet, Herv{\'e}},
  JOURNAL = {{Neural Networks}},
  PUBLISHER = {{Elsevier}},
  VOLUME = {18},
  NUMBER = {5-6},
  PAGES = {646--655},
  YEAR = {2005}
}


@article{damasio_time-locked_1989,
	title = {Time-locked multiregional retroactivation: {A} systems-level proposal for the neural substrates of recall and recognition},
	volume = {33},
	issn = {0010-0277},
	url = {https://www.sciencedirect.com/science/article/pii/001002778990005X},
	doi = {https://doi.org/10.1016/0010-0277(89)90005-X},
	
	number = {1},
	journal = {Cognition},
	author = {Damasio, Antonio R.},
	year = {1989},
	pages = {25--62},
	annote = {Special Issue Neurobiology of Cognition},
}

@inproceedings{Edelman1982GroupSA,
  title={Group selection and phasic reentrant signaling a theory of higher brain function},
  author={Gerald M. Edelman},
  year={1982},
  booktitle={The 4th Intensive Study Program
Of The Neurosciences Research Program} 
}